
    <zs:record>
      <zs:recordSchema/>
      <zs:recordPacking>xml</zs:recordPacking>
      <zs:recordData>
        <record xmlns="http://www.loc.gov/MARC21/slim">
          <leader>01372cam a2200325 i 4500</leader>
          <controlfield tag="001">20532578</controlfield>
          <controlfield tag="005">20180608153423.0</controlfield>
          <controlfield tag="008">180607r19851886enka          000 0 eng  </controlfield>
          <datafield tag="035" ind1=" " ind2=" ">
            <subfield code="9">(DLC)   80457449</subfield>
          </datafield>
          <datafield tag="906" ind1=" " ind2=" ">
            <subfield code="a">7</subfield>
            <subfield code="b">cbc</subfield>
            <subfield code="c">origres</subfield>
            <subfield code="d">1</subfield>
            <subfield code="e">ncip</subfield>
            <subfield code="f">20</subfield>
            <subfield code="g">y-gencatlg</subfield>
          </datafield>
          <datafield tag="955" ind1=" " ind2=" ">
            <subfield code="a">he11 2018-06-07</subfield>
            <subfield code="t">he11 2018-06-07</subfield>
          </datafield>
          <datafield tag="010" ind1=" " ind2=" ">
            <subfield code="a">  2015659559</subfield>
          </datafield>
          <datafield tag="040" ind1=" " ind2=" ">
            <subfield code="a">DLC</subfield>
            <subfield code="b">eng</subfield>
            <subfield code="c">DLC</subfield>
            <subfield code="e">rda</subfield>
          </datafield>
          <datafield tag="042" ind1=" " ind2=" ">
            <subfield code="a">pcc</subfield>
          </datafield>
          <datafield tag="050" ind1="0" ind2="0">
            <subfield code="a">Avrich Pamphlets Box 131</subfield>
            <subfield code="b">no. 10</subfield>
            <subfield code="a">HX833</subfield>
          </datafield>
          <datafield tag="100" ind1="1" ind2=" ">
            <subfield code="a">Wilson, Charlotte M.,</subfield>
            <subfield code="d">1854-1944.</subfield>
          </datafield>
          <datafield tag="245" ind1="1" ind2="0">
            <subfield code="a">Three essays on anarchism /</subfield>
            <subfield code="c">by Charlotte Wilson.</subfield>
          </datafield>
          <datafield tag="264" ind1=" " ind2="1">
            <subfield code="a">Cambridge [England] :</subfield>
            <subfield code="b">Drowned Rat Publications, in association with Refract Publications, c/o Cambridge Free Press,</subfield>
            <subfield code="c">1985.</subfield>
          </datafield>
          <datafield tag="300" ind1=" " ind2=" ">
            <subfield code="a">xv, 24 pages :</subfield>
            <subfield code="b">illustrations ;</subfield>
            <subfield code="c">21 cm</subfield>
          </datafield>
          <datafield tag="336" ind1=" " ind2=" ">
            <subfield code="a">text</subfield>
            <subfield code="b">txt</subfield>
            <subfield code="2">rdacontent</subfield>
          </datafield>
          <datafield tag="337" ind1=" " ind2=" ">
            <subfield code="a">unmediated</subfield>
            <subfield code="b">n</subfield>
            <subfield code="2">rdamedia</subfield>
          </datafield>
          <datafield tag="338" ind1=" " ind2=" ">
            <subfield code="a">volume</subfield>
            <subfield code="b">nc</subfield>
            <subfield code="2">rdacarrier</subfield>
          </datafield>
          <datafield tag="500" ind1=" " ind2=" ">
            <subfield code="a">Essays originally published in 1886 in various journals.</subfield>
          </datafield>
          <datafield tag="505" ind1="0" ind2=" ">
            <subfield code="a">Charlotte Wilson / by Nicolas Walter -- Anarchism -- The principles and aims of anarchists -- Social democracy and anarchism.</subfield>
          </datafield>
          <datafield tag="561" ind1=" " ind2=" ">
            <subfield code="a">LC copy: Gift of Paul Avrich, Aug. 26, 1986.</subfield>
            <subfield code="5">DLC</subfield>
          </datafield>
          <datafield tag="650" ind1=" " ind2="0">
            <subfield code="a">Anarchism.</subfield>
          </datafield>
          <datafield tag="700" ind1="1" ind2=" ">
            <subfield code="a">Walter, Nicolas,</subfield>
            <subfield code="e">writer of introduction.</subfield>
          </datafield>
          <datafield tag="710" ind1="2" ind2=" ">
            <subfield code="a">Drowned Rat Publications,</subfield>
            <subfield code="e">publisher.</subfield>
          </datafield>
          <datafield tag="710" ind1="2" ind2=" ">
            <subfield code="a">Refract Publications,</subfield>
            <subfield code="e">publisher.</subfield>
          </datafield>
          <datafield tag="710" ind1="2" ind2=" ">
            <subfield code="a">Paul Avrich Collection (Library of Congress)</subfield>
            <subfield code="5">DLC</subfield>
          </datafield>
        </record>
      </zs:recordData>
      <zs:recordPosition>5</zs:recordPosition>
    </zs:record>